@inproceedings{suzuki2018constructing,
  title={Constructing a "Unit dictionary" from scientific articles},
  author={Akira, Suzuki and Masashi, Ishii},
  booktitle={Third International Workshop on SCIentific DOCument Analysis (JSAI International Symposia on AI)},
  year={2018},
  organization={Springer}
}

@misc{grobid-quantities, 
    key ={Contributors},
    title = {grobid-quantities},
    howpublished = {\url{https://github.com/kermitt2/grobid-quantities}},
    publisher = {GitHub},
    journal = {GitHub repository},
    year = {2016},
    note = {[Online; accessed 18-April-2019]},
    commit = {f576a79f0b61897b431a0581762014d0da119945}
}

@inproceedings{peter2017quantity,
    author = { Peter, David and Timothy, Hawes},
    title = {Quantity and unit extraction for scientific and technical intelligence analysis},
    volume = {10207},
    year = {2017},
    doi = {10.1117/12.2266039},
    URL = {https://doi.org/10.1117/12.2266039}
}

@misc{delft, 
    key ={Contributors},
    title = {Delft},
    howpublished = {\url{https://github.com/kermitt2/delft}},
    publisher = {GitHub},
    journal = {GitHub repository},
    year = {2018},
    note = {[Online; accessed 16-May-2019]},
    commit = {9f5d37f2741f3ed4b83356def796d88dd6d67600}
}

@misc{GROBID, 
    key ={Contributors},
    title = {GROBID (GeneRation Of BIbliographic Data)}, 
    howpublished = {\url{https://github.com/kermitt2/grobid}}, 
    publisher = {GitHub},
    year = {2008},
    archivePrefix = {swh},
    eprint = {1:dir:6a298c1b2008913d62e01e5bc967510500f80710}
}


@article{foppiano2019proposal,
  title={Proposal for Automatic Extraction Framework of Superconductors related Information from Scientific literature},
  author={Luca Foppiano and Thaer M. Dieb and Akira Suzuki and Ishii Masashi},
  journal={THE INSTITUTE OF ELECTRONICS, INFORMATION AND COMMUNICATION ENGINEERS},
  year={2019}
}

@misc{internationalSystemOfUnits, 
    author={Bureau International du Poids et Measures},
    title = {International System of Units}, 
    howpublished = {\url{https://www.bipm.org/en/measurement-units/}}, 
    year = {1799}
}

@article{am2013processing,
  title={Processing of quantitative exPressions with units of measurement in scientific texts as aPPlied to Belarusian and russian text-to-sPeech synthesis},
  author={AM, Skopinava and BM, Lobanov},
  year={2013}
}

@inproceedings{berrahou2013extract,
  title={How to Extract Unit of Measure in Scientific Documents?.},
  author={Berrahou, Soumia Lilia and Buche, Patrice and Dibie-Barth{\'e}lemy, Juliette and Roche, Mathieu}
}

@inproceedings{willems2012identifying,
  title={Identifying and extracting quantitative data in annotated text},
  author={Willems, Don JM and Rijgersberg, Hajo and Top, J},
  booktitle={Proceedings of the Workshop on Semantic Web and Information Extraction (SWAIE 2012), 09 October 2012, Galway, Ireland},
  pages={43--54},
  year={2012}
}

@inproceedings{fafalios2013exploratory,
  title={Exploratory patent search with faceted search and configurable entity mining},
  author={Fafalios, Pavlos and Salampasis, Michail and Tzitzikas, Yannis},
  booktitle={1st International Workshop on Integrating IR technologies for Professional Search (ECIRâ€™13 Workshop)},
  year={2013},
  organization={Citeseer}
}

@inproceedings{aras2014applications,
  title={Applications and Challenges of Text Mining with Patents.},
  author={Aras, Hidir and Hackl-Sommer, Ren{\'e} and Schwantner, Michael and Sofean, Mustafa},
  booktitle={IPaMin@ KONVENS},
  year={2014}
}


@article{lafferty2001conditional,
  title={Conditional random fields: Probabilistic models for segmenting and labeling sequence data},
  author={Lafferty, John and McCallum, Andrew and Pereira, Fernando CN},
  year={2001}
}

@article{dieb2015framework,
  title={Framework for automatic information extraction from research papers on nanocrystal devices},
  author={Dieb, Thaer M and Yoshioka, Masaharu and Hara, Shinjiro and Newton, Marcus C},
  journal={Beilstein journal of nanotechnology},
  volume={6},
  number={1},
  pages={1872--1882},
  year={2015},
  publisher={Beilstein-Institut}
}

